<?xml version="1.0" encoding="UTF-8"?><collection xmlns="http://www.loc.gov/MARC21/slim"><record><leader>00495nam--2200169-i-4500</leader><controlfield tag="001">000031292</controlfield><controlfield tag="002">20161230</controlfield><controlfield tag="005">20170204185102</controlfield><controlfield tag="008">060222s1000------------r-----000-0-eng-d</controlfield><datafield ind1=" " ind2=" " tag="080"><subfield code="a">550.3</subfield></datafield><datafield ind1=" " ind2=" " tag="100"><subfield code="a">Melchior, Paul</subfield></datafield><datafield ind1=" " ind2=" " tag="245"><subfield code="a">Sur les variations de la periode chandlerienne du mouvement du pole et la rigidite de la terre. Extrait</subfield></datafield><datafield ind1=" " ind2=" " tag="260"><subfield code="c">1949</subfield></datafield><datafield ind1=" " ind2=" " tag="300"><subfield code="a">424-438 p</subfield></datafield><datafield ind1=" " ind2=" " tag="490"><subfield code="a">Communications De L`Observatoire Royal De Belgique</subfield></datafield><datafield ind1=" " ind2=" " tag="852"><subfield code="a">1737</subfield></datafield><datafield ind1=" " ind2=" " tag="CAT"><subfield code="a">SYS</subfield><subfield code="c">20170204</subfield><subfield code="h">185102</subfield></datafield></record></collection>